3274 5242
722 328 730 343 ο
753 327 762 342 0
798 339 807 354 4
842 340 851 356 0
895 329 1003 363 νυμον.
1018 319 1056 370 :0-
1072 315 1147 368 ...εἰ
1167 311 1194 363 ὀ.

715 361 723 376 ι
789 370 815 387 0.
842 371 851 386 0
896 365 969 398 ονε..
999 367 1056 404 0...
1073 370 1206 404 ⁰·‘⁰'0'*

147 394 1211 458 ...
1215 424 1424 433 —········-·

268 547 417 627 Ἅλκαιος
434 553 512 626 σάος
528 547 679 636 ἄρ<μ>οα
695 547 784 612 ἔντεα
800 543 828 612 δ’
840 549 885 612 οὔ.
905 547 1061 635 <ο>κῦνον
1079 547 1250 630 ἀλίκρονον

275 657 321 734 εἰς
344 657 557 744 Γλαυκώνειον
581 635 789 744 {acofram
816 653 1096 742 dveapqi<o>aaav
1114 649 1296 741 Ἄντρωνι),

142 790 322 854 imitantur
350 791 384 852 et
415 787 656 868 Theognideus
684 788 741 851 ille
768 789 871 867 poeta
900 786 977 848 libri
1005 785 1145 874 alterius
1172 802 1206 847 v.
1238 783 1321 842 1249
1349 801 1423 865 sqq.

145 891 181 952 et
203 887 404 950 Theocritus
437 885 473 947 in
506 885 636 948 aeolico
661 885 702 944 29
737 889 772 948 et
793 875 969 948 Horatius
987 883 1023 946 in
1048 883 1166 946 ultimo
1199 881 1276 946 libri
1303 881 1320 944 Ι
1350 898 1423 945 car-

144 985 252 1048 mine:
277 977 438 1053 Persicos,
463 977 529 1052 odi,
554 997 646 1057 pum,
671 979 864 1059 adparatus,

195 1143 197 1148 ,
234 1080 407 1144 Describit
434 1085 506 1144 tum
539 1080 685 1161 cladem,
719 1078 983 1162 quaiortisSImi
1006 1078 1189 1160 optimates
1213 1071 1438 1159 ceciderunt,

144 1179 266 1261 reliqui
285 1177 428 1242 sauciati
452 1181 531 1240 sunt
550 1179 617 1256 vel,
640 1184 678 1240 ut
698 1181 800 1259 poeta
824 1177 905 1240 dicit
924 1179 1076 1236 cruentas
1102 1178 1205 1236 uastos
1231 1171 1423 1236 induerunt.

145 1271 290 1358 ‹povtloig
324 1275 385 1354 (se.
419 1267 576 1356 ἐσθῆτας)
610 1267 786 1351 indractum
806 1275 944 1358 ¹eadem
976 1274 1109 1344 ratione
1144 1273 1339 1338 breviatum
1372 1276 1425 1336 est

134 1393 216 1457 -qua
244 1373 381 1456 Sappho
410 1375 581 1436 aemulam
607 1373 873 1452 Andromedam,
905 1391 995 1454 quae
1018 1372 1193 1436 Atthidem
1221 1371 1422 1453 discipulam

146 1472 340 1552 seduxerat,
365 1471 479 1534 risisse
503 1469 611 1536 fertur
634 1473 674 1564 ir..
693 1473 749 1535 70:
844 1499 847 1506 ·
971 1469 972 1474 ’
1317 1484 1325 1489 ·

286 1595 336 1667 τίς
359 1584 387 1654 δ’
405 1587 521 1673 ἔθελγε
546 1591 619 1654 νόον
644 1613 696 1654 σοι
721 1589 895 1673 ἀγροῒωαν
921 1584 1036 1676 <μάλ’>
1063 1587 1229 1670 testatae

285 1699 363 1760 κούν
388 1694 588 1779 taratantara
610 1691 652 1761 id
674 1677 784 1781 βράκε’
801 1696 895 1782 ἕλκην
921 1697 977 1761 ἐπὶ
1001 1708 1065 1760 adu
1090 1695 1267 1782 oqrdpafl),

146 1827 195 1891 sic
231 1828 322 1891 enim
356 1828 588 1910 fragmentum
624 1847 645 1891 a
679 1827 828 1891 Maximo
865 1833 900 1891 et
927 1828 1111 1891 Athenaeo
1146 1827 1337 1891 laceratum
1372 1841 1423 1887 re-

147 1926 297 1990 scribere
317 1925 435 1988 ausim.
459 1919 575 2003 σνολὴν
595 1927 685 2006 quod
704 1926 760 1990 ille
779 1927 824 1989 ad
843 1918 1019 2006 ἀγροιῶτιν
1039 1924 1132 1989 addit
1150 1925 1223 2006 ipse
1240 1921 1422 2004 suppleuit.

235 2023 411 2087 Postremo
428 2023 577 2087 Alcaeus
593 2025 722 2105 gratias
738 2025 813 2088 Iovi
829 2025 908 2106 agit,
934 2023 1025 2105 quod
1041 2024 1147 2086 uitam
1164 2025 1259 2086 certe
1282 2037 1423 2084 seruare

116 2122 324 2204 ,potuerint
358 2121 439 2202 quid
469 2121 572 2203 igitur
594 2122 663 2185 iam
688 2121 905 2185 iaciendum?
938 2122 1060 2185 suadet
1083 2122 1232 2184 Alcaeus
1256 2117 1423 2200 supplica-

146 2219 273 2283 tionem
305 2218 458 2283 universi
490 2220 604 2300 populi
636 2221 837 2283 sollemnem
864 2220 1108 2283 instituendam
1132 2235 1208 2282 esse
1231 2233 1423 2299 pacemque

146 2317 237 2381 Iouis
261 2317 526 2398 exposcendam,
552 2322 589 2380 ut
612 2318 725 2381 fausta
748 2318 862 2382 mittat
885 2318 1000 2382 omina
1022 2318 1254 2399 populumque
1269 2315 1424 2397 grauIter

145 2414 373 2478 laborantem·
396 2415 563 2478 subleuet.
597 2415 670 2496 ipse
703 2420 820 2479 autem
852 2420 954 2497 poeta
979 2433 1079 2478 suum
1103 2415 1197 2478 addit
1221 2418 1353 2476 uotum:
1386 2416 1423 2476 ut

145 2518 290 2593 pereant
319 2513 598 2576 adversariorum
631 2513 801 2594 principes
839 2514 970 2594 sibique
1006 2513 1070 2594 ipsi
1105 2513 1210 2576 liceat
1245 2514 1318 2575 tum
1350 2509 1424 2573 Iovi

147 2608 317 2672 Saluatori
347 2609 457 2690 primo
481 2611 590 2674 calice
620 2611 780 2692 libamen,
810 2612 900 2693 quod
923 2612 958 2674 in
982 2611 1155 2698 symposio
1180 2609 1255 2672 lieri
1279 2609 1423 2688 solebat,

146 2707 281 2788 offerre,
310 2707 396 2788 ”quia
426 2707 595 2788 Myrsilus
627 2709 879 2774 inimIcissimus
912 2715 1091 2791 tyrannus
1124 2707 1257 2772 cecidit.
1292 2710 1327 2770 et
1356 2706 1422 2770 hoc

147 2803 285 2885 quidem
308 2808 426 2868 uotum
451 2807 602 2886 expleuit
624 2807 787 2889 Iuppiter,
811 2813 849 2871 ut
873 2825 917 2872 ex
939 2808 1013 2890 ipso
1037 2807 1193 2870 audimus
1217 2807 1257 2869 fr.
1277 2804 1333 2868 20:

366 2952 368 2958 ¹
405 2936 460 2988 νῦν
484 2935 545 3010 χρῆ
568 2929 744 3012 μεθύσθην
765 2929 823 2989 ’καί
846 2925 1029 3013 τινααρὸς
1051 2931 1124 3008 βίαν
1185 2989 1188 2993 ,

407 3025 528 3109 πώνην,
554 3021 667 3108 ἐπειδὴ
692 3027 839 3088 κάτθανε
863 3026 1037 3108 Munatius

256 3149 295 3212 In
319 3150 459 3214 summis
482 3153 681 3216 chartarum
706 3153 872 3235 angustiis
891 3154 1013 3234 quibus
1031 3170 1124 3216 nunc
1140 3152 1329 3234 premimur
1344 3153 1423 3216 nolo

116 3277 120 3284 ’
148 3247 283 3329 singula
306 3249 500 3313 accuratius
525 3251 708 3332 explicare.
734 3252 838 3315 immo
861 3252 935 3333 ipsa
958 3268 1047 3333 quae
1071 3251 1195 3339 reiinxi
1219 3252 1327 3326 uerba
1350 3268 1423 3314 car-

88 3407 91 3412 .
146 3345 247 3410 minis
270 3363 459 3427 proponam
483 3352 518 3412 et
540 3349 778 3414 commentarii
801 3352 876 3414 loco
901 3350 1096 3414 uersionem
1123 3349 1300 3429 subiciam,
1333 3349 1424 3413 unde

146 3443 246 3525 periti
273 3443 448 3526 uidebant,
475 3447 646 3529 quomodo
679 3465 768 3529 quae
799 3449 956 3531 suppleui
978 3447 1216 3513 intellexerim.
1241 3465 1293 3512 ac
1317 3448 1424 3512 uerba

148 3541 285 3622 quidem
318 3543 482 3624 pleraque
515 3546 666 3627 exempli
701 3564 808 3610 causa
839 3547 951 3628 posita
983 3565 1060 3611 esse
1092 3547 1198 3611 scito.
1224 3545 1308 3610 satis
1341 3545 1424 3609 mihi

147 3638 257 3702 laudis
281 3641 399 3704 tulisse
431 3642 583 3723 uidebor,
618 3643 646 3706 si
673 3649 915 3725 argumentum
930 3633 1050 3726 'ipsum
1074 3641 1271 3732 summatim
1297 3662 1318 3707 a
1342 3644 1424 3707 uiris

149 3736 256 3800 doctis
272 3742 306 3801 et
322 3756 343 3801 a
359 3739 408 3802 Te
424 3740 649 3821 potissimum,
666 3742 777 3805 amice
794 3741 998 3822 doctissime,
1019 3743 1076 3823 qui
1092 3742 1126 3805 in
1143 3743 1209 3807 hoc
1232 3742 1423 3826 litterarum

149 3850 275 3914 genere
298 3835 443 3918 habitas,
469 3838 658 3902 diuinatum
683 3856 759 3902 esse
782 3857 987 3903 concessum
1011 3840 1084 3902 ertt.

148 3950 361 3962 --·

239 3999 259 4064 ι)
279 4002 322 4054 sic
345 4003 440 4055 uerba
464 4003 494 4055 in
520 4004 674 4058 Strabonis
699 4005 784 4058 codd.
807 4005 1000 4071 pessumdata
1021 4006 1180 4059 restituero
1205 4019 1302 4059 conor.
1326 4002 1425 4070 (alitor

146 4077 353 4142 Wilamowitn‚
377 4081 478 4137 Herm.
497 4083 572 4138 XIII
594 4081 664 4148 168).
695 4085 792 4148 ἁρμοῖ,
818 4085 913 4148 ἁρμῶν
933 4086 1084 4152 explicant
1104 4081 1177 4149 ἄρτι,
1197 4084 1306 4140 νεωστί.
1332 4086 1425 4153 igilur

98 4173 101 4182 ’
146 4159 264 4213 saluum
293 4176 325 4214 se
349 4163 437 4215 modo
461 4165 588 4217 rediisse
611 4167 738 4219 nuntiat.
767 4165 820 4218 sed
844 4166 946 4219 subest
968 4166 1093 4219 fortasse
1118 4168 1208 4219 etiam
1234 4171 1314 4219 tecta
1333 4166 1424 4233 signi·

146 4239 248 4293 ficatio
259 4241 312 4294 vix
322 4246 352 4294 et
362 4257 454 4311 aegro
465 4244 521 4298 hoc
532 4246 559 4298 ei
571 4244 722 4298 accidisse.
734 4246 814 4313 apud
822 4245 1047 4312 Hippocratioos
1058 4246 1180 4315 quidem
1190 4244 1353 4299 uelutVIII
1362 4242 1424 4306 408,

145 4317 188 4372 IX
207 4319 223 4367 9
246 4320 279 4374 L.
298 4320 425 4390 aliisquo
444 4323 517 4377 locis
537 4325 574 4378 de
594 4326 696 4378 stricta
715 4330 745 4378 et
764 4331 893 4394 angusta
912 4326 1050 4380 clausura
1073 4325 1164 4390 (lauat
1181 4326 1349 4378 adhibetur.
1369 4339 1424 4393 pro

146 4398 363 4464 ἀνεκρίμνασαν
394 4400 562 4457 Atticorum
594 4403 673 4468 (talis
709 4407 789 4459 enim
824 4406 919 4459 forma
950 4411 1044 4459 metro
1075 4404 1242 4475 flagitatur)
1275 4405 1423 4458 aeolicum

145 4477 364 4543 όνενρέμνασαν
385 4486 539 4552 temptaui,
563 4485 648 4537 uelut
672 4484 791 4549 κίρνημι
810 4486 923 4539 aeolice
942 4492 1028 4540 sonat
1047 4485 1169 4551 κέρναμι
1189 4484 1260 4552 (Alc.
1280 4485 1315 4538 ir.
1336 4481 1379 4553 34,
1393 4481 1424 4552 43

143 4553 190 4624 41,
205 4557 235 4625 4;
254 4559 277 4612 Ι.
297 4558 403 4614 Graec.
422 4562 482 4617 XII
501 4562 525 4626 2,
549 4563 570 4630 l,
591 4564 615 4614 7.
637 4561 688 4627 13).

236 4637 256 4704 Ι)
277 4641 314 4694 de
335 4641 432 4710 ellipsi
451 4643 487 4696 cf.
501 4643 534 4696 L.
552 4643 611 4698 Bos
630 4645 756 4714 Ellipses
775 4661 803 4714 p.
819 4643 878 4713 159,
893 4643 952 4713 204,
969 4645 1020 4697 532
1040 4647 1086 4701 ed.
1100 4645 1231 4700 Schitfer.
1252 4647 1332 4716 Lips.
1347 4643 1416 4695 1808
1465 4658 1468 4663 ·
